<record><leader>00000cas a22000007a 4500</leader><controlfield tag="001">16700368</controlfield><controlfield tag="008">870916d19011905inudn ne      0    0eng d</controlfield><datafield ind1=" " ind2=" " tag="010"><subfield code="a">sn 87056657 </subfield></datafield><datafield ind1=" " ind2=" " tag="040"><subfield code="a">NPI</subfield><subfield code="b">eng</subfield><subfield code="c">NPI</subfield><subfield code="d">OCLCQ</subfield></datafield><datafield ind1=" " ind2=" " tag="042"><subfield code="a">msc</subfield></datafield><datafield ind1="0" ind2=" " tag="130"><subfield code="a">Evening times (Muncie, Ind.)</subfield></datafield><datafield ind1="1" ind2="4" tag="245"><subfield code="a">The evening times.</subfield></datafield><datafield ind1=" " ind2=" " tag="260"><subfield code="a">Muncie, Ind. :</subfield><subfield code="b">Times Co.,</subfield><subfield code="c">1901-1905.</subfield></datafield><datafield ind1=" " ind2=" " tag="310"><subfield code="a">Daily (except Sun.)</subfield></datafield><datafield ind1="0" ind2=" " tag="362"><subfield code="a">Vol. 29, no. 141 (Sept. 2, 1901)-v. 36, no. 151 (Mar. 25, 1905).</subfield></datafield><datafield ind1=" " ind2=" " tag="580"><subfield code="a">Also published in a weekly ed. called: Muncie weekly times.</subfield></datafield><datafield ind1=" " ind2=" " tag="752"><subfield code="a">United States</subfield><subfield code="b">Indiana</subfield><subfield code="c">Delaware</subfield><subfield code="d">Muncie.</subfield></datafield><datafield ind1="1" ind2=" " tag="775"><subfield code="t">Muncie weekly times</subfield><subfield code="w">(DLC)sn 84037961</subfield></datafield><datafield ind1="0" ind2="0" tag="780"><subfield code="t">Muncie daily times</subfield><subfield code="w">(DLC)sn 87056656</subfield></datafield><datafield ind1="0" ind2="7" tag="785"><subfield code="t">Muncie daily herald</subfield><subfield code="w">(DLC)sn 87056843</subfield></datafield><datafield ind1="0" ind2="7" tag="785"><subfield code="t">Muncie evening press</subfield><subfield code="w">(DLC)sn 84045477</subfield></datafield></record>